<record xmlns="http://www.loc.gov/MARC21/slim" xmlns:xsi="http://www.w3.org/2001/XMLSchema-instance" xsi:schemaLocation="http://www.loc.gov/MARC21/slim http://www.loc.gov/standards/marcxml/schema/MARC21slim.xsd"><leader>01374nam a2200289   4500</leader><controlfield tag="001">001897910</controlfield><controlfield tag="003">NNU</controlfield><controlfield tag="006">m        d        </controlfield><controlfield tag="007">cr cn |||m|||a</controlfield><controlfield tag="008">150222s1960    sy      o     000 0 araod</controlfield><datafield ind1=" " ind2=" " tag="040"><subfield code="a">NNU</subfield><subfield code="b">eng</subfield><subfield code="c">NNU</subfield></datafield><datafield ind1=" " ind2="4" tag="050"><subfield code="a">PJ7810.D58</subfield><subfield code="b">Q57 1960</subfield></datafield><datafield ind1="1" ind2=" " tag="100"><subfield code="6">880-01</subfield><subfield code="a">Idlib&#299;, Ulfat</subfield></datafield><datafield ind1="1" ind2="0" tag="245"><subfield code="6">880-02</subfield><subfield code="a">Qis&#803;as&#803; Sha&#772;mi&#772;yah</subfield><subfield code="h">[electronic resource] /</subfield><subfield code="c">bi-qalam Ulfat &#699;Umar Ba&#772;sha&#772; al-Idlibi&#772; ; qaddama laha&#772; Mah&#803;mu&#772;d Taymu&#772;r.</subfield></datafield><datafield ind1=" " ind2=" " tag="260"><subfield code="6">880-03</subfield><subfield code="a">[Dimashq] :</subfield><subfield code="b">Da&#772;r al-Yaqz&#803;ah al-&#699;Arabi&#772;yah,</subfield><subfield code="c">[1960?]</subfield></datafield><datafield ind1=" " ind2=" " tag="300"><subfield code="a">online resource (147 p.)</subfield></datafield><datafield ind1=" " ind2=" " tag="500"><subfield code="a">Part of the Arabic Collections Online (ACO) project, contributed by New York Univeristy Libraries.</subfield></datafield><datafield ind1=" " ind2=" " tag="533"><subfield code="a">Electronic reproduction.</subfield><subfield code="b">New York, N.Y. :</subfield><subfield code="c">New York University,</subfield><subfield code="d">2015.</subfield><subfield code="5">NNU</subfield></datafield><datafield ind1="2" ind2=" " tag="710"><subfield code="a">New York University.</subfield><subfield code="b">Libraries.</subfield></datafield><datafield ind1="0" ind2=" " tag="730"><subfield code="a">Arabic Collections Online.</subfield></datafield><datafield ind1="0" ind2="8" tag="776"><subfield code="i">Print version:</subfield><subfield code="a">Idlib&#299;, Ulfat 880-01</subfield><subfield code="t">Qis&#803;as&#803; Sha&#772;mi&#772;yah</subfield><subfield code="w">(NNU)001897910</subfield></datafield><datafield ind1="4" ind2="0" tag="856"><subfield code="u">http://hdl.handle.net/2333.1/4xgxd3xc</subfield></datafield><datafield ind1="1" ind2=" " tag="880"><subfield code="6">100-01/</subfield><subfield code="a">&#1575;&#1583;&#1604;&#1610;&#1548; &#1575;&#1604;&#1601;&#1577;.</subfield></datafield><datafield ind1="1" ind2="0" tag="880"><subfield code="6">245-02/</subfield><subfield code="a">&#1602;&#1589;&#1589; &#1588;&#1575;&#1605;&#1610;&#1577; /</subfield><subfield code="c">&#1576;&#1602;&#1604;&#1605; &#1575;&#1604;&#1601;&#1577; &#1593;&#1605;&#1585; &#1576;&#1575;&#1588;&#1575; &#1575;&#1604;&#1575;&#1583;&#1604;&#1610; &#1563; &#1602;&#1583;&#1605; &#1604;&#1607;&#1575; &#1605;&#1581;&#1605;&#1608;&#1583; &#1578;&#1610;&#1605;&#1608;&#1585;.</subfield></datafield><datafield ind1=" " ind2=" " tag="880"><subfield code="6">260-03/</subfield><subfield code="a">[&#1583;&#1605;&#1588;&#1602;] :</subfield><subfield code="b">&#1583;&#1575;&#1585; &#1575;&#1604;&#1610;&#1602;&#1592;&#1577; &#1575;&#1604;&#1593;&#1585;&#1576;&#1610;&#1577;&#1548;</subfield><subfield code="c">[1960&#1567;]</subfield></datafield><datafield ind1=" " ind2=" " tag="959"><subfield code="a">NNU</subfield><subfield code="b">WEB</subfield><subfield code="c">GENI</subfield><subfield code="t">0</subfield><subfield code="m">Electronic access</subfield><subfield code="s">01</subfield></datafield><datafield ind1=" " ind2=" " tag="999"><subfield code="i">NNU_001897910</subfield><subfield code="s">nyu_aco000389</subfield></datafield></record>